@inbook{haykin_8,
  edition   = {2},
  title     = {Signals and Systems},
  chapter   = {8.9},
  publisher = {John Wiley},
  author    = {Haykin, Simon},
  year      = {2003}
} 
@inbook{haykin_4,
  edition   = {2},
  title     = {Signals and Systems},
  chapter   = {4.6},
  publisher = {John Wiley},
  author    = {Haykin, Simon},
  year      = {2003}
} 

@techreport{zurich,
     title = {Principles of lock-in detection and the state of the art},
     year = {2016},
     institution = {Zurich Instruments},
     month = {Nov}
    }
